%%%%%%%%%%%%%%%%%%%%%%%%%%%%%%%%%%%%%%%%%%%%%%%%%%
%%% BOOK (book)                                %%%
%%%%%%%%%%%%%%%%%%%%%%%%%%%%%%%%%%%%%%%%%%%%%%%%%%

@book{book:knuth-tex-metafont,
    %%% Required
    author       = {Donald E. Knuth},
    % editor       = {Editor}, % Choose if author unknown
    title        = {\TeX{} and \hologo{METAFONT}, New Directions in Typesetting},
    year         = {1979},
    % edition      = {1},
    publisher    = {American Mathematical Society and Digital Press},
    % pages        = {}, % Choose for single page or range of pages
    pagetotal    = {353}, % Choose for page total
    
    %%% Provide if exists
    location     = {Bedford, Massachusetts, USA},
    % volume       = {},
    
    %%% Suggested (pick at least one type)
    % doi          = {}, % Digital Object Identifier
    % eid          = {}, % Electronic Identifier
    % eprint       = {}, % Electronic publishing identifier (ex.: 1008.2849v1)
    % eprinttype   = {}, % Electronic publishing type (ex.: arxiv)
    % eprintclass  = {}, % Electronic publishing class (ex. cs.DS)
    isbn         = {0-932376-02-9}, % International Standard Book Number
    % issn         = {}, % International Standard Serial Number
    % url          = {},
    
    %%% Utilities
    % crossref     = {}, % Inherit fields from other reference
    % keywords     = {keyword_01, keyword_02} % For filtered bibliographies
}

@book{book:knuth-typesetting-a,
    %%% Required
    author       = {Donald E. Knuth},
    % editor       = {Editor}, % Choose if author unknown
    title        = {Computers \& Typesetting: The \TeX{}book},
    year         = {1986},
    % edition      = {1},
    publisher    = {American Mathematical Society and Addison-Wesley},
    % pages        = {}, % Choose for single page or range of pages
    pagetotal    = {483}, % Choose for page total
    
    %%% Provide if exists
    location     = {Bedford, Massachusetts, USA},
    volume       = {A},
    
    %%% Suggested (pick at least one type)
    % doi          = {}, % Digital Object Identifier
    % eid          = {}, % Electronic Identifier
    % eprint       = {}, % Electronic publishing identifier (ex.: 1008.2849v1)
    % eprinttype   = {}, % Electronic publishing type (ex.: arxiv)
    % eprintclass  = {}, % Electronic publishing class (ex. cs.DS)
    isbn         = {0-201-13448-9}, % International Standard Book Number
    % issn         = {}, % International Standard Serial Number
    % url          = {},
    
    %%% Utilities
    % crossref     = {}, % Inherit fields from other reference
    % keywords     = {keyword_01, keyword_02} % For filtered bibliographies
}

@book{book:knuth-typesetting-c,
    %%% Required
    author       = {Donald E. Knuth},
    % editor       = {Editor}, % Choose if author unknown
    title        = {Computers \& Typesetting: The \hologo{METAFONT}book},
    year         = {1986},
    % edition      = {1},
    publisher    = {American Mathematical Society and Addison-Wesley},
    % pages        = {}, % Choose for single page or range of pages
    pagetotal    = {361}, % Choose for page total
    
    %%% Provide if exists
    location     = {Bedford, Massachusetts, USA},
    volume       = {C},
    
    %%% Suggested (pick at least one type)
    % doi          = {}, % Digital Object Identifier
    % eid          = {}, % Electronic Identifier
    % eprint       = {}, % Electronic publishing identifier (ex.: 1008.2849v1)
    % eprinttype   = {}, % Electronic publishing type (ex.: arxiv)
    % eprintclass  = {}, % Electronic publishing class (ex. cs.DS)
    isbn         = {0-201-13445-4}, % International Standard Book Number
    % issn         = {}, % International Standard Serial Number
    % url          = {},
    
    %%% Utilities
    % crossref     = {}, % Inherit fields from other reference
    % keywords     = {keyword_01, keyword_02} % For filtered bibliographies
}

@book{book:voss-graphics,
    %%% Required
    author       = {Herbert Vo\ss},
    % editor       = {Editor}, % Choose if author unknown
    title        = {PSTricks: Graphics and PostScript for \TeX{} and \LaTeX},
    year         = {2011},
    % edition      = {1},
    publisher    = {UIT Cambridge Ltd.},
    % pages        = {}, % Choose for single page or range of pages
    pagetotal    = {928}, % Choose for page total
    
    %%% Provide if exists
    location     = {Cambridge, UK},
    % volume       = {},
    
    %%% Suggested (pick at least one type)
    % doi          = {}, % Digital Object Identifier
    % eid          = {}, % Electronic Identifier
    % eprint       = {}, % Electronic publishing identifier (ex.: 1008.2849v1)
    % eprinttype   = {}, % Electronic publishing type (ex.: arxiv)
    % eprintclass  = {}, % Electronic publishing class (ex. cs.DS)
    isbn         = {978-1-906860-13-4}, % International Standard Book Number
    % issn         = {}, % International Standard Serial Number
    % url          = {},
    
    %%% Utilities
    % crossref     = {}, % Inherit fields from other reference
    % keywords     = {keyword_01, keyword_02} % For filtered bibliographies
}

@book{book:voss-maths,
    %%% Required
    author       = {Herbert Vo\ss},
    % editor       = {Editor}, % Choose if author unknown
    title        = {Typesetting Mathematics in \LaTeX},
    year         = {2010},
    % edition      = {1},
    publisher    = {UIT Cambridge Ltd.},
    % pages        = {}, % Choose for single page or range of pages
    pagetotal    = {282}, % Choose for page total
    
    %%% Provide if exists
    location     = {Cambridge, UK},
    % volume       = {},
    
    %%% Suggested (pick at least one type)
    % doi          = {}, % Digital Object Identifier
    % eid          = {}, % Electronic Identifier
    % eprint       = {}, % Electronic publishing identifier (ex.: 1008.2849v1)
    % eprinttype   = {}, % Electronic publishing type (ex.: arxiv)
    % eprintclass  = {}, % Electronic publishing class (ex. cs.DS)
    isbn         = {978-1-906860-17-2}, % International Standard Book Number
    % issn         = {}, % International Standard Serial Number
    % url          = {},
    
    %%% Utilities
    % crossref     = {}, % Inherit fields from other reference
    % keywords     = {keyword_01, keyword_02} % For filtered bibliographies
}

@book{book:voss-tables,
    %%% Required
    author       = {Herbert Vo\ss},
    % editor       = {Editor}, % Choose if author unknown
    title        = {Typesetting tables with \LaTeX},
    year         = {2011},
    % edition      = {1},
    publisher    = {UIT Cambridge Ltd.},
    % pages        = {}, % Choose for single page or range of pages
    pagetotal    = {230}, % Choose for page total
    
    %%% Provide if exists
    location     = {Cambridge, UK},
    % volume       = {},
    
    %%% Suggested (pick at least one type)
    % doi          = {}, % Digital Object Identifier
    % eid          = {}, % Electronic Identifier
    % eprint       = {}, % Electronic publishing identifier (ex.: 1008.2849v1)
    % eprinttype   = {}, % Electronic publishing type (ex.: arxiv)
    % eprintclass  = {}, % Electronic publishing class (ex. cs.DS)
    isbn         = {978-1-906860-25-7}, % International Standard Book Number
    % issn         = {}, % International Standard Serial Number
    % url          = {},
    
    %%% Utilities
    % crossref     = {}, % Inherit fields from other reference
    % keywords     = {keyword_01, keyword_02} % For filtered bibliographies
}

%%%%%%%%%%%%%%%%%%%%%%%%%%%%%%%%%%%%%%%%%%%%%%%%%%
%%% TECHNICAL REPORT (report)                  %%%
%%%%%%%%%%%%%%%%%%%%%%%%%%%%%%%%%%%%%%%%%%%%%%%%%%

@report{report:udes-writing-guide,
    %%% Required
    author      = {{Faculté de génie}},
    title       = {Protocole de rédaction aux études supérieures},
    year        = {2018},
    institution = {{Université de Sherbrooke}},
    % pages        = {}, % Choose for single page or range of pages
    pagetotal    = {54}, % Choose for page total
    
    %%% Provide if exists
    location    = {Sherbrooke, Québec, Canada},
    type        = {Writing guide},
    % number      = {},
    
    %%% Suggested (pick at least one type)
    % doi          = {}, % Digital Object Identifier
    % eid          = {}, % Electronic Identifier
    % eprint       = {}, % Electronic publishing identifier (ex.: 1008.2849v1)
    % eprinttype   = {}, % Electronic publishing type (ex.: arxiv)
    % eprintclass  = {}, % Electronic publishing class (ex. cs.DS)
    % isbn         = {}, % International Standard Book Number
    % issn         = {}, % International Standard Serial Number
    url          = {https://usherbrooke.sharepoint.com/:b:/r/sites/fgen/DocOffFacGen/Chapitre 4/Études supérieures/Protocole_Redaction_EtudesSup.pdf?csf=1&web=1&e=PRL83O},
    
    %%% Utilities
    % crossref     = {}, % Inherit fields from other reference
    % keywords     = {keyword_01, keyword_02} % For filtered bibliographies
}

%%%%%%%%%%%%%%%%%%%%%%%%%%%%%%%%%%%%%%%%%%%%%%%%%%
%%% WEBSITE (www)                              %%%
%%%%%%%%%%%%%%%%%%%%%%%%%%%%%%%%%%%%%%%%%%%%%%%%%%

@www{web:bibtex-wiki,
    %%% Required
    author       = {Wikipedia},
    title        = {\hologo{BibTeX}},
    % year         = {}, % Choose if you only know the year
    url          = {https://en.wikipedia.org/wiki/BibTeX},
    urldate      = {2021-06-03},
    
    %%% Provide if exists
    % month        = {}, % Pair with 'year' if you don't know the day
    date         = {2021-04-15}, % Choose if you know the entire date
    
    %%% Utilities
    % crossref     = {}, % Inherit fields from other reference
    % keywords     = {keyword_01, keyword_02} % For filtered bibliographies
}

@www{web:ctan-biblatex,
    %%% Required
    author       = {Philip Kime},
    title        = {\BibLaTeX{} -- Sophisticated Bibliographies in \LaTeX},
    % year         = {}, % Choose if you only know the year
    url          = {https://ctan.org/pkg/biblatex},
    urldate      = {2021-08-23},
    
    %%% Provide if exists
    % month        = {}, % Pair with 'year' if you don't know the day
    date         = {2020-12-31}, % Choose if you know the entire date
    
    %%% Utilities
    % crossref     = {}, % Inherit fields from other reference
    % keywords     = {keyword_01, keyword_02} % For filtered bibliographies
}

@www{web:ctan-documentclass,
    %%% Required
    author       = {\glsfirst{CTAN}},
    title        = {Class},
    year         = {2020}, % Choose if you only know the year
    url          = {https://ctan.org/topic/class},
    urldate      = {2021-08-21},
    
    %%% Provide if exists
    % month        = {}, % Pair with 'year' if you don't know the day
    % date         = {}, % Choose if you know the entire date
    
    %%% Utilities
    % crossref     = {}, % Inherit fields from other reference
    % keywords     = {keyword_01, keyword_02} % For filtered bibliographies
}

@www{web:ctan-glossaries,
    %%% Required
    author       = {Nicola Talbot},
    title        = {glossaries -- Create glossaries and lists of acronyms},
    % year         = {}, % Choose if you only know the year
    url          = {https://ctan.org/pkg/glossaries},
    urldate      = {2021-08-23},
    
    %%% Provide if exists
    % month        = {}, % Pair with 'year' if you don't know the day
    date         = {2020-03-20}, % Choose if you know the entire date
    
    %%% Utilities
    % crossref     = {}, % Inherit fields from other reference
    % keywords     = {keyword_01, keyword_02} % For filtered bibliographies
}

@www{web:ctan-graphicx,
    %%% Required
    author       = {{The \LaTeX{} Team} and David Carlisle},
    title        = {graphicx -- Enhanced support for graphics},
    % year         = {}, % Choose if you only know the year
    url          = {https://ctan.org/pkg/graphicx},
    urldate      = {2021-08-23},
    
    %%% Provide if exists
    % month        = {}, % Pair with 'year' if you don't know the day
    date         = {2020-12-05}, % Choose if you know the entire date
    
    %%% Utilities
    % crossref     = {}, % Inherit fields from other reference
    % keywords     = {keyword_01, keyword_02} % For filtered bibliographies
}

@www{web:ctan-hyperref,
    %%% Required
    author       = {{The \LaTeX{} Team}},
    title        = {hyperref -- Extensive support for hypertext in \LaTeX},
    % year         = {}, % Choose if you only know the year
    url          = {https://ctan.org/pkg/hyperref},
    urldate      = {2021-08-23},
    
    %%% Provide if exists
    % month        = {}, % Pair with 'year' if you don't know the day
    date         = {2021-06-07}, % Choose if you know the entire date
    
    %%% Utilities
    % crossref     = {}, % Inherit fields from other reference
    % keywords     = {keyword_01, keyword_02} % For filtered bibliographies
}

@www{web:ctan-listings,
    %%% Required
    author       = {Jobst Hoffmann},
    title        = {listings -- Typeset source code listings using \LaTeX},
    % year         = {}, % Choose if you only know the year
    url          = {https://ctan.org/pkg/listings},
    urldate      = {2021-08-23},
    
    %%% Provide if exists
    % month        = {}, % Pair with 'year' if you don't know the day
    date         = {2020-03-26}, % Choose if you know the entire date
    
    %%% Utilities
    % crossref     = {}, % Inherit fields from other reference
    % keywords     = {keyword_01, keyword_02} % For filtered bibliographies
}

@www{web:ctan-optex,
    %%% Required
    author       = {Petr Olšák},
    title        = {Op\TeX{} -- Lua\TeX{} format based on Plain \TeX{} and OPmac},
    % year         = {}, % Choose if you only know the year
    url          = {https://ctan.org/pkg/optex},
    urldate      = {2021-08-23},
    
    %%% Provide if exists
    % month        = {}, % Pair with 'year' if you don't know the day
    date         = {2021-06-04}, % Choose if you know the entire date
    
    %%% Utilities
    % crossref     = {}, % Inherit fields from other reference
    % keywords     = {keyword_01, keyword_02} % For filtered bibliographies
}

@www{web:ctan-pgfplots,
    %%% Required
    author       = {Christian Feuersänger},
    title        = {\glsdisp{PGF}{pgf}plots -- Create normal/logarithmic plots in two and three dimensions},
    % year         = {}, % Choose if you only know the year
    url          = {https://ctan.org/pkg/pgfplots},
    urldate      = {2021-08-23},
    
    %%% Provide if exists
    % month        = {}, % Pair with 'year' if you don't know the day
    date         = {2021-05-17}, % Choose if you know the entire date
    
    %%% Utilities
    % crossref     = {}, % Inherit fields from other reference
    % keywords     = {keyword_01, keyword_02} % For filtered bibliographies
}

@www{web:ctan-tikz,
    %%% Required
    author       = {{The \glsname{PGF}/TikZ Team} and Christian Feuersänger and Henri Menke and Till Tantau},
    title        = {\glsdisp{PGF}{pgf} -- Create PostScript and \glsname{PDF} graphics in \TeX},
    % year         = {}, % Choose if you only know the year
    url          = {https://ctan.org/pkg/pgf},
    urldate      = {2021-08-23},
    
    %%% Provide if exists
    % month        = {}, % Pair with 'year' if you don't know the day
    date         = {2021-05-16}, % Choose if you know the entire date
    
    %%% Utilities
    % crossref     = {}, % Inherit fields from other reference
    % keywords     = {keyword_01, keyword_02} % For filtered bibliographies
}

@www{web:ctan-tocloft,
    %%% Required
    author       = {Will Robertson},
    title        = {\glsdisp{ToC}{toc}loft -- Control \glsdisp{ToC}{table of contents}, figures, etc},
    % year         = {}, % Choose if you only know the year
    url          = {https://ctan.org/pkg/tocloft},
    urldate      = {2021-08-23},
    
    %%% Provide if exists
    % month        = {}, % Pair with 'year' if you don't know the day
    date         = {2020-01-11}, % Choose if you know the entire date
    
    %%% Utilities
    % crossref     = {}, % Inherit fields from other reference
    % keywords     = {keyword_01, keyword_02} % For filtered bibliographies
}

@www{web:ctan-voss-mathmode,
    %%% Required
    author       = {Herbert Vo\ss},
    title        = {voss-mathmode -- A comprehensive review of mathematics in \hologo{(La)TeX}},
    % year         = {}, % Choose if you only know the year
    url          = {https://ctan.org/pkg/voss-mathmode},
    urldate      = {2021-08-23},
    
    %%% Provide if exists
    % month        = {}, % Pair with 'year' if you don't know the day
    date         = {2010-12-14}, % Choose if you know the entire date
    
    %%% Utilities
    % crossref     = {}, % Inherit fields from other reference
    % keywords     = {keyword_01, keyword_02} % For filtered bibliographies
}

@www{web:iso-8601,
    %%% Required
    author       = {\Glsdesc{ISO}},
    title        = {\glsname{ISO} 8601},
    year         = {2019}, % Choose if you only know the year
    url          = {https://www.iso.org/iso-8601-date-and-time-format.html},
    urldate      = {2021-08-22},
    
    %%% Provide if exists
    % month        = {}, % Pair with 'year' if you don't know the day
    % date         = {}, % Choose if you know the entire date
    
    %%% Utilities
    % crossref     = {}, % Inherit fields from other reference
    % keywords     = {keyword_01, keyword_02} % For filtered bibliographies
}

@www{web:overleaf-flavours-tex,
    %%% Required
    author       = {{Overleaf}},
    title        = {What's in a Name: A Guide to the Many Flavours of \TeX},
    year         = {2014}, % Choose if you only know the year
    url          = {https://www.overleaf.com/learn/latex/Articles/What's_in_a_Name:_A_Guide_to_the_Many_Flavours_of_TeX},
    urldate      = {2021-06-01},
    
    %%% Provide if exists
    % month        = {}, % Pair with 'year' if you don't know the day
    % date         = {}, % Choose if you know the entire date
    
    %%% Utilities
    % crossref     = {}, % Inherit fields from other reference
    % keywords     = {keyword_01, keyword_02} % For filtered bibliographies
}

@www{web:overleaf-latexmkrc,
    %%% Required
    author       = {{Overleaf}},
    title        = {How to use latexmk\glsdisp{RC}{rc} with Overleaf: examples and techniques},
    year         = {2014}, % Choose if you only know the year
    url          = {https://www.overleaf.com/learn/latex/Articles/How_to_use_latexmkrc_with_Overleaf:_examples_and_techniques},
    urldate      = {2021-06-01},
    
    %%% Provide if exists
    % month        = {}, % Pair with 'year' if you don't know the day
    % date         = {}, % Choose if you know the entire date
    
    %%% Utilities
    % crossref     = {}, % Inherit fields from other reference
    % keywords     = {keyword_01, keyword_02} % For filtered bibliographies
}

@www{web:overleaf-tex-family-tree,
    %%% Required
    author       = {{Overleaf}},
    title        = {The \TeX{} family tree: \LaTeX, \glsdisp{PDF}{pdf}\TeX, \hologo{XeTeX}, Lua\TeX{} and \hologo{ConTeXt}},
    year         = {2014}, % Choose if you only know the year
    url          = {https://www.overleaf.com/learn/latex/Articles/The_TeX_family_tree:_LaTeX,_pdfTeX,_XeTeX,_LuaTeX_and_ConTeXt},
    urldate      = {2021-06-01},
    
    %%% Provide if exists
    % month        = {}, % Pair with 'year' if you don't know the day
    % date         = {}, % Choose if you know the entire date
    
    %%% Utilities
    % crossref     = {}, % Inherit fields from other reference
    % keywords     = {keyword_01, keyword_02} % For filtered bibliographies
}

@www{web:tex-live,
    %%% Required
    author       = {{\Glsdesc{TUG}}},
    title        = {\TeX{} Live},
    year         = {2021}, % Choose if you only know the year
    url          = {https://www.tug.org/texlive/},
    urldate      = {2021-06-01},
    
    %%% Provide if exists
    month        = {04}, % Pair with 'year' if you don't know the day
    % date         = {}, % Choose if you know the entire date
    
    %%% Utilities
    % crossref     = {}, % Inherit fields from other reference
    % keywords     = {keyword_01, keyword_02} % For filtered bibliographies
}

@www{web:wikibooks-latex-tikz,
    %%% Required
    author       = {{Wikibooks}},
    title        = {\LaTeX/\glsname{PGF}/TikZ},
    year         = {2021}, % Choose if you only know the year
    url          = {https://en.wikibooks.org/wiki/LaTeX/PGF/TikZ},
    urldate      = {2021-06-22},
    
    %%% Provide if exists
    month        = {05}, % Pair with 'year' if you don't know the day
    % date         = {}, % Choose if you know the entire date
    
    %%% Utilities
    % crossref     = {}, % Inherit fields from other reference
    % keywords     = {keyword_01, keyword_02} % For filtered bibliographies
}

%%%%%%%%%%%%%%%%%%%%%%%%%%%%%%%%%%%%%%%%%%%%%%%%%%
%%% WEB DOCUMENT (www)                         %%%
%%%%%%%%%%%%%%%%%%%%%%%%%%%%%%%%%%%%%%%%%%%%%%%%%%

@www{web:biblatex-cheat-sheet,
    %%% Required
    author     = {Clea F. Rees},
    editor     = {{\Glsdesc{TUG}}},
    title      = {\glsname{TUG}'s \glsname{CTAN} archive}, % Website title
    titleaddon = {\BibLaTeX{} Cheat Sheet}, % Resource title
    % year       = {},
    url        = {http://tug.ctan.org/info/biblatex-cheatsheet/biblatex-cheatsheet.pdf},
    urldate    = {2021-08-23},
    
    %%% Provide if exists
    % month        = {}, % Pair with 'year' if you don't know the day
    date         = {2017-06-24}, % Choose if you know the entire date
    
    %%% Suggested (pick at least one type)
    % doi          = {}, % Digital Object Identifier
    % eid          = {}, % Electronic Identifier
    % eprint       = {}, % Electronic publishing identifier (ex.: 1008.2849v1)
    % eprinttype   = {}, % Electronic publishing type (ex.: arxiv)
    % eprintclass  = {}, % Electronic publishing class (ex. cs.DS)
    % isbn         = {}, % International Standard Book Number
    % issn         = {}, % International Standard Serial Number
    
    %%% Utilities
    % crossref     = {}, % Inherit fields from other reference
    % keywords     = {keyword_01, keyword_02} % For filtered bibliographies
}

@www{web:guide-nice-tables,
    %%% Required
    author     = {Markus Püschel},
    editor     = {{Carnegie Mellon University}},
    title      = {ETH Zürich}, % Website title
    titleaddon = {Small Guide to Making Nice Tables}, % Resource title
    % year       = {},
    url        = {https://people.inf.ethz.ch/markusp/teaching/guides/guide-tables.pdf},
    urldate    = {2021-08-20},
    
    %%% Provide if exists
    % month        = {}, % Pair with 'year' if you don't know the day
    date         = {2010-10-06}, % Choose if you know the entire date
    
    %%% Suggested (pick at least one type)
    % doi          = {}, % Digital Object Identifier
    % eid          = {}, % Electronic Identifier
    % eprint       = {}, % Electronic publishing identifier (ex.: 1008.2849v1)
    % eprinttype   = {}, % Electronic publishing type (ex.: arxiv)
    % eprintclass  = {}, % Electronic publishing class (ex. cs.DS)
    % isbn         = {}, % International Standard Book Number
    % issn         = {}, % International Standard Serial Number
    
    %%% Utilities
    % crossref     = {}, % Inherit fields from other reference
    % keywords     = {keyword_01, keyword_02} % For filtered bibliographies
}

@www{web:math-symbols,
    %%% Required
    author     = {Matthias Heinkenschloss},
    editor     = {{Rice University}},
    title      = {{Rice CAAM}}, % Website title
    titleaddon = {\LaTeX{} Mathematical Symbols}, % Resource title
    % year       = {},
    url        = {https://www.caam.rice.edu/~heinken/latex/symbols.pdf},
    urldate    = {2021-08-23},
    
    %%% Provide if exists
    % month        = {}, % Pair with 'year' if you don't know the day
    date         = {2016}, % Choose if you know the entire date
    
    %%% Suggested (pick at least one type)
    % doi          = {}, % Digital Object Identifier
    % eid          = {}, % Electronic Identifier
    % eprint       = {}, % Electronic publishing identifier (ex.: 1008.2849v1)
    % eprinttype   = {}, % Electronic publishing type (ex.: arxiv)
    % eprintclass  = {}, % Electronic publishing class (ex. cs.DS)
    % isbn         = {}, % International Standard Book Number
    % issn         = {}, % International Standard Serial Number
    
    %%% Utilities
    % crossref     = {}, % Inherit fields from other reference
    % keywords     = {keyword_01, keyword_02} % For filtered bibliographies
}